<?xml version="1.0" encoding="UTF-8"?><record xmlns="http://www.loc.gov/MARC21/slim" xmlns:cinclude="http://apache.org/cocoon/include/1.0" xmlns:zs="http://www.loc.gov/zing/srw/">
  <leader>00532nz  a2200157n  4500</leader>
  <controlfield tag="001">no2004025489</controlfield>
  <controlfield tag="003">DLC</controlfield>
  <controlfield tag="005">20040318052107.0</controlfield>
  <controlfield tag="008">040317n| acannaabn          |a aaa     c</controlfield>
  <datafield tag="010" ind1=" " ind2=" ">
    <subfield code="a">no2004025489</subfield>
  </datafield>
  <datafield tag="035" ind1=" " ind2=" ">
    <subfield code="a">(OCoLC)oca06298720</subfield>
  </datafield>
  <datafield tag="040" ind1=" " ind2=" ">
    <subfield code="a">ICU</subfield>
    <subfield code="b">eng</subfield>
    <subfield code="c">ICU</subfield>
  </datafield>
  <datafield tag="100" ind1="1" ind2=" ">
    <subfield code="a">Chernyshev, Vladimir,</subfield>
    <subfield code="d">1952-</subfield>
  </datafield>
  <datafield tag="400" ind1="1" ind2=" ">
    <subfield code="a">Chernyshev, V. A. (Vladimir A.),</subfield>
    <subfield code="d">1952-</subfield>
  </datafield>
  <datafield tag="400" ind1="1" ind2=" ">
    <subfield code="a">Tchernychev, Vladimir,</subfield>
    <subfield code="d">1952-</subfield>
  </datafield>
  <datafield tag="670" ind1=" " ind2=" ">
    <subfield code="a">Vladimir Tchernychev, 2003:</subfield>
    <subfield code="b">p. 3 (V. A. Chernyshev) t.p. (Vladimir Tchernychev) p. 9 (b. 1952 in Leningrad; artist and poet)</subfield>
  </datafield>
</record>